@article{1,
  title={System development for document management system},
  author={Kiplie, Fatin Hazwani and Yatin, Saiful Farik Mat and Angutim, Maizurah and Hamid, Nur Hanani Abdul},
  journal={International Journal of Academic Research in Business and Social Sciences},
  volume={8},
  number={9},
  pages={748--757},
  year={2018}
}

@misc{2,
  title={Ten simple rules for digital data storage},
  author={Hart, Edmund M and Barmby, Pauline and LeBauer, David and Michonneau, Fran{\c{c}}ois and Mount, Sarah and Mulrooney, Patrick and Poisot, Timoth{\'e}e and Woo, Kara H and Zimmerman, Naupaka B and Hollister, Jeffrey W},
  journal={PLoS computational biology},
  volume={12},
  number={10},
  pages={e1005097},
  year={2016},
  publisher={Public Library of Science San Francisco, CA USA}
}

@inproceedings{3,
  title={Cloud storage: Advantages, disadvantages and enterprise solutions for business},
  author={Obrutsky, Santiago},
  booktitle={Conference: EIT New Zealand},
  year={2016}
}

@book{4,
  title={Microsoft Azure Storage Essentials},
  author={Soueidi, Chukri},
  year={2015},
  publisher={Packt Publishing Ltd}
}

@misc{5,
  title={Azure Storage Account: Best Practices for efficient and secure storage},
  url={https://luismts.com/azure-storage-account/},
  journal={Luis Matos},
  author={Luis Matos},
  year={2023},
  urldate={2024-03-10}
} 

@book{6,
  title={Google Cloud platform in action},
  author={Geewax, JJ},
  year={2018},
  publisher={Simon and Schuster}
}

@inproceedings{7,
  title={Alternative approaches to data storing and processing},
  author={Maran, Mihkel M and Paniavin, Nikolai A and Poliushkin, Ilia A},
  booktitle={2020 V International conference on information technologies in engineering education (Inforino)},
  pages={1--4},
  year={2020},
  organization={IEEE}
}

@article{8,
  title={Hybrid storage architecture and efficient MapReduce processing for unstructured data},
  author={Lu, Weiming and Wang, Yaoguang and Jiang, Jingyuan and Liu, Jian and Shen, Yapeng and Wei, Baogang},
  journal={Parallel Computing},
  volume={69},
  pages={63--77},
  year={2017},
  publisher={Elsevier}
}

@misc{9,
  title={Data versioning explained: Guide, examples \& best practices},
  url={https://lakefs.io/blog/data-versioning/},
  journal={lakeFS},
  author={Paul Singman},
  year={2024},
  urldate={2024-03-13}
}

@inproceedings{10,
  title={Redundant file finder, remover in mobile environment through SHA-3 algorithm},
  author={Meera, K and Sankar, P Krishna and Kumar, K Sriram},
  booktitle={2015 2nd International Conference on Electronics and Communication Systems (ICECS)},
  pages={1440--1447},
  year={2015},
  organization={IEEE}
}

@misc{11,
  title={Duplicate files: A study of their detection and management},
  url={https://www.systweak.com/blogs/duplicate-files-a-study-of-their-detection-and-management/},
  journal={Duplicate Files A Study of their Detection and Management Comments},
  author={Seth, Preeti},
  year={2023},
  urldate={2024-03-15}
}

@article{12,
  title={A Duplicate File Finder System},
  author={Patil, S and Jagtap, N and Rajput, S and Sangore, R},
  journal={International Journal of Science Spirituality Business and Technology},
  pages={10--14},
  year={2017}
}

@article{13,
  title={An efficient string matching technique for desktop search to detect duplicate files},
  author={Vijayarani, S and Muthulakshmi, M},
  journal={International Journal of Information Technology and Computer Science},
  volume={9},
  pages={69--76},
  year={2017}
}

@misc{14,
  title={How To Find Duplicate Files},
  url={https://www.jam-software.com/blog/find-remove-duplicate-files.shtml},
  journal={JAM Software},
  author={Joachim Marder},
  year={2021},
  urldate={2024-03-20}
}

@article{15,
  title={Preliminary analysis of REST API style guidelines},
  author={Murphy, Lauren and Alliyu, Tosin and Macvean, Andrew and Kery, Mary Beth and Myers, Brad A},
  journal={Ann Arbor},
  volume={1001},
  pages={48109},
  year={2017}
}

@article{16,
  title={Cloud versus on-premise computing},
  author={Fisher, Cameron},
  journal={American Journal of Industrial and Business Management},
  volume={8},
  number={9},
  pages={1991--2006},
  year={2018},
  publisher={Scientific Research Publishing}
}

@misc{17,
  title={The definitive guide to rest API security: Best practices},
  url={https://blog.stoplight.io/the-definitive-guide-to-rest-api-security-best-practices-and-advanced-strategies},
  journal={Stoplight},
  author={Brooks, Rosie},
  year={2023},
  urldate={2024-03-24}
}

@book{18,
  title={API security in action},
  author={Madden, Neil},
  year={2020},
  publisher={Simon and Schuster}
}

@article{19,
  title={Enterprise API security and GDPR compliance: Design and implementation perspective},
  author={Hussain, Fatima and Hussain, Rasheed and Noye, Brett and Sharieh, Salah},
  journal={IT professional},
  volume={22},
  number={5},
  pages={81--89},
  year={2020},
  publisher={IEEE}
}

@article{20,
  title={Restful web services security by using ASP. NET web API MVC based},
  author={Hussain, Muhammad Imran and Dilber, Naveed},
  journal={Journal of Independent Studies and Research},
  volume={12},
  number={1},
  pages={4},
  year={2014}
}

@article{21,
  title={Application Programming Interface (API) Security in Cloud Applications},
  author={Qazi, Farhan},
  journal={EAI Endorsed Transactions on Cloud Systems},
  volume={7},
  number={23},
  pages={1--14},
  year={2022}
}

@inproceedings{22,
  title={From open API to semantic specifications and code adapters},
  author={Schwichtenberg, Simon and Gerth, Christian and Engels, Gregor},
  booktitle={2017 IEEE International Conference on Web Services (ICWS)},
  pages={484--491},
  year={2017},
  organization={IEEE}
}

@inproceedings{23,
  title={Analysis of Tools for REST Contract Specification in Swagger/OpenAPI.},
  author={Dos Santos, J{\'e}ssica Soares and Azevedo, Leonardo Guerreiro and Soares, Elton FS and Thiago, Raphael Melo and da Silva, Viviane Torres},
  booktitle={ICEIS (2)},
  pages={201--208},
  year={2020}
}

@misc{24,
  title={Effortless Swagger UI Installation},
  url={https://blog.taditdash.com/effortless-swagger-ui-installation},
  journal={Tadit Dash},
  author={Tadit Dash},
  year={2022},
  urldate={2024-04-01}
} 

@book{25,
  title={Spring Boot in action},
  author={Walls, Craig},
  year={2015},
  publisher={Simon and Schuster}
}

@book{26,
  title={ASP. NET core in Action},
  author={Lock, Andrew},
  year={2023},
  publisher={Simon and Schuster}
}

@book{27,
  title={Implementing Oracle API Platform Cloud Service: Design, deploy, and manage your APIs in Oracleâ€™s new API Platform},
  author={Bell, Andrew and Rensen, Sander and Weir, Luis and Wilkins, Phil},
  year={2018},
  publisher={Packt Publishing Ltd}
}

@book{28,
  title={API Testing and Development with Postman: A practical guide to creating, testing, and managing APIs for automated software testing},
  author={Westerveld, Dave},
  year={2021},
  publisher={Packt Publishing Ltd}
}

@inproceedings{29,
  title={Implementation of RESTful API Web Services Architecture in Takeaway Application Development},
  author={Ahmad, Imam and Suwarni, Emi and Borman, Rohmat Indra and Rossi, Farli and Jusman, Yessi and others},
  booktitle={2021 1st International Conference on Electronic and Electrical Engineering and Intelligent System},
  pages={132--137},
  year={2021},
}

@book{30,
  title={Introducing spring framework: a primer},
  author={Gutierrez, Felipe},
  year={2014},
  publisher={Apress}
}

@article{31,
  title={The spring framework-reference documentation},
  author={Johnson, Rod and Hoeller, Juergen and Donald, Keith and Sampaleanu, Colin and Harrop, Rob and Risberg, Thomas and Arendsen, Alef and Davison, Darren and Kopylenko, Dmitriy and Pollack, Mark and others},
  journal={interface},
  volume={21},
  pages={27},
  year={2004}
}

@book{32,
  title={Java Persistence with Spring Data and Hibernate},
  author={Tudose, Catalin and Bauer, Christian and King, Gavin},
  year={2023},
  publisher={Simon and Schuster}
}

@book{33,
  title={Spring security in action},
  author={Spilca, Laurentiu},
  year={2020},
  publisher={Simon and Schuster}
}

@article{34,
  title={Automated Liquibase Generator And Validator(ALGV)},
  author={Jain, Manik},
  journal={International Journal of Scientific \& Technology Research},
  volume={4},
  pages={248-256},
  year={2015}
}

@article{35,
  title={JSON Web Token (JWT) based client authentication in Message Queuing Telemetry Transport (MQTT)},
  author={Krishna Shingala},
  journal={ArXiv},
  year={2019}
}

@article{36,
  title={Enhancing JWT Authentication and Authorization in Web Applications Based on User Behavior History},
  author={Bucko, Ahmet and Vishi, Kamer and Krasniqi, Bujar and Rexha, Blerim},
  journal={Computers},
  volume={12},
  number={4},
  pages={78},
  year={2023},
  publisher={MDPI}
}